@misc{jersey,
  title = {{Jersey, RESTful Web Services in Java}},
  howpublished = {\url{https://jersey.java.net/}},
}
@misc{jackson,
  title = {{Main Portal Page for Jackon Project}},
  howpublished = {\url{https://github.com/FasterXML/jackson/}},
}
@misc{jaxrsapi,
  title = {{JAX-RS API, Java API for RESTful Services}},
  howpublished = {\url{https://jax-rs-spec.java.net/}},
}
@misc{knockout,
  title = {{Knockout.js homepage}},
  howpublished = {\url{http://knockoutjs.com/}},
}
@misc{terrier,
  title = {{Terrier IR Platform}},
  howpublished = {\url{http://terrier.org/}},
}
@misc{bootstrap,
  title = {{Bootstrap homepage}},
  howpublished = {\url{http://getbootstrap.org/}},
}
@misc{express,
  title = {{Express, Fast, unopinionated, minimalist web framework for Node.js}},
  howpublished = {\url{https://expressjs.com/}},
}
@misc{node,
  title = {{Node.js homepage}},
  howpublished = {\url{https://nodejs.org/en/}},
}
@misc{maven,
  title = {{Apache Maven, homepage}},
  howpublished = {\url{https://maven.apache.org/}},
}
@misc{git,
  title = {{Git SCM}},
  howpublished = {\url{https://git-scm.com/}},
}
@misc{github,
  title = {{GitHub, homepage}},
  howpublished = {\url{https://github.com/}},
}

@misc{trello,
  title = {{Trello, homepage}},
  howpublished = {\url{https://trello.com/}},
}
@misc{lucene,
  title = {{Apache Lucene, homepage}},
  howpublished = {\url{https://lucene.apache.org/}},
}

@misc{distsimfeatures,
  title = {{StanfordNLP Documentation, Stanford Named Entity Recogniser, Models}},
  howpublished = {\url{https://nlp.stanford.edu/software/CRF-NER.shtml#Models}},
}

@misc{caselessmodels,
  title = {{StanfordNLP Documentation, Caseless Models}},
  howpublished = {\url{http://stanfordnlp.github.io/CoreNLP/caseless.html}},
}

@misc{neroptions,
  title = {{StanfordNLP Documentation, NER Options}},
  howpublished = {\url{http://stanfordnlp.github.io/CoreNLP/ner.html}},
}

@misc{terrier_retrieval,
  title = {{Terrier Documentation, Extending Retrieval}},
  howpublished = {\url{http://terrier.org/docs/v4.2/extend_retrieval.html}},
}

@misc{foi,
	 title = {{Freedom of Information Act, 2000}},
     howpublished = {\url{http://www.legislation.gov.uk/ukpga/2000/36/contents}}
}

@misc{irbookglossary,
	 title = {{Freedom of Information Act, 2000}},
     howpublished = {\url{http://www.legislation.gov.uk/ukpga/2000/36/contents}}
}

@misc{google,
	 title = {{Google Search}},
     howpublished = {\url{https://www.google.com}}
}

@misc{wikipedia,
	 title = {{Wikipedia, the Free Encyclopedia}},
     howpublished = {\url{https://en.wikipedia.org/}}
}

@misc{trecnist,
	 title = {{Text REtrieval Conference (TREC)}},
     howpublished = {\url{http://trec.nist.gov/}}
}

@misc{junit,
	 title = {{JUnit Testing Framework, homepage}},
     howpublished = {\url{http://junit.org/}}
}

@misc{jquery,
	 title = {{jQuery JavaScript Library, homepage}},
     howpublished = {\url{https://jquery.com/}}
}

@misc{githubpages,
	 title = {{Draw.IO, homepage},
     howpublished = {\url{https://pages.github.com/}}
}

@misc{drawio,
	 title = {{GitHub Pages, homepage}},
     howpublished = {\url{https://www.draw.io/}}
}

@misc{performance,
  title = {{Eric Schurman (Microsoft) and Jake Brutlag (Google), Performance Related Changes and their User Impact, 2009}},
  howpublished = {\url{https://www.youtube.com/watch?v=bQSE51-gr2s}},
  publisher={O'Reilly},
}

@misc{grigg2012arrange,
  title={Arrange Act Assert},
  author={Grigg, J},
  year={2012},
  howpublished={\url{http://c2. com/cgi/wiki}},
  publisher={ArrangeActAssert}
}

@InProceedings{manning-EtAl:2014:P14-5,
  author    = {Manning, Christopher D. and  Surdeanu, Mihai  and  Bauer, John  and  Finkel, Jenny  and  Bethard, Steven J. and  McClosky, David},
  title     = {The {Stanford} {CoreNLP} Natural Language Processing Toolkit},
  booktitle = {Association for Computational Linguistics (ACL) System Demonstrations},
  year      = {2014},
  pages     = {55--60},
  url       = {http://www.aclweb.org/anthology/P/P14/P14-5010},
  note	= {\url{http://www.aclweb.org/anthology/P/P14/P14-5010}},
}

@inproceedings{finkel2005incorporating,
  title={Incorporating non-local information into information extraction systems by gibbs sampling},
  author={Finkel, Jenny Rose and Grenager, Trond and Manning, Christopher},
  booktitle={Proceedings of the 43rd annual meeting on association for computational linguistics},
  pages={363--370},
  year={2005},
  organization={Association for Computational Linguistics},
  note={\url{https://nlp.stanford.edu/~manning/papers/gibbscrf3.pdf}}
}

@article{middleton2007comparison,
  title={A comparison of open source search engines},
  author={Middleton, Christian and Baeza-Yates, Ricardo},
  publisher={Citeseer},
  note={\url{http://wrg.upf.edu/WRG/dctos/Middleton-Baeza.pdf}}
}

@inproceedings{mcdonald2014towards,
  title={Towards a classifier for digital sensitivity review},
  author={McDonald, Graham and Macdonald, Craig and Ounis, Iadh and Gollins, Timothy},
  booktitle={European Conference on Information Retrieval},
  pages={500--506},
  year={2014},
  organization={Springer},
  note={\url{http://www.dcs.gla.ac.uk/~graham/}}}
}

@inproceedings{gollins2014using,
  title={On Using Information Retrieval for the Selection and Sensitivity Review of Digital Public Records.},
  author={Gollins, Timothy and McDonald, Graham and Macdonald, Craig and Ounis, Iadh},
  booktitle={PIR@ SIGIR},
  pages={39--40},
  year={2014},
  note={\url{http://www.dcs.gla.ac.uk/~graham/}}
}

@article{allan2014record,
  title={Record Review},
  author={Allan, Sir Alex},
  publisher={Cambridge Univ Press},
  note={\url{https://www.gov.uk/government/publications/records-review-by-sir-alex-allan}}
}

@article{macdonald2012puppy,
  title={{From puppy to maturity: Experiences in developing Terrier}},
  author={Macdonald, Craig and McCreadie, Richard and Santos, Rodrygo LT and Ounis, Iadh},
  journal={Proc. of OSIR at SIGIR},
  pages={60--63},
  year={2012},
  note={\url{http://terrierteam.dcs.gla.ac.uk/publications/macdonald12terrier.pdf}}
}

@article{oard2013information,
  title={Information retrieval for e-discovery},
  author={Oard, Douglas W and Webber, William and others},
  journal={Foundations and Trends{\textregistered} in Information Retrieval},
  volume={7},
  number={2--3},
  pages={99--237},
  year={2013},
  publisher={Now Publishers, Inc.},
  note={\url{http://w.codalism.com/research/papers/ow13fntir.pdf}}
}

@inproceedings{Mihalcea:2007:WLD:1321440.1321475,
 author = {Mihalcea, Rada and Csomai, Andras},
 title = {Wikify!: Linking Documents to Encyclopedic Knowledge},
 booktitle = {Proceedings of the Sixteenth ACM Conference on Conference on Information and Knowledge Management},
 series = {CIKM '07},
 year = {2007},
 isbn = {978-1-59593-803-9},
 location = {Lisbon, Portugal},
 pages = {233--242},
 numpages = {10},
 url = {http://doi.acm.org/10.1145/1321440.1321475},
 doi = {10.1145/1321440.1321475},
 acmid = {1321475},
 publisher = {ACM},
 address = {New York, NY, USA},
 keywords = {keyword extraction, semantic annotation, wikipedia, word sense disambiguation},
 note={\url{http://dx.doi.org/10.1145/1321440.1321475}}
}

@article{moss2012have,
  title={Where have all the files gone? Lost in action points every one?},
  author={Moss, Michael},
  journal={Journal of Contemporary History},
  volume={47},
  number={4},
  pages={860--875},
  year={2012},
  publisher={Sage Publications Sage UK: London, England}
}

@book{Manning:2008:IIR:1394399,
 author = {Manning, Christopher D. and Raghavan, Prabhakar and Sch\"{u}tze, Hinrich},
 title = {Introduction to Information Retrieval},
 year = {2008},
 isbn = {0521865719, 9780521865715},
 publisher = {Cambridge University Press},
 address = {New York, NY, USA},
} 

@book{baeza1999modern,
  title={Modern information retrieval},
  author={Baeza-Yates, Ricardo and Ribeiro-Neto, Berthier and others},
  volume={463},
  year={1999}
}

@book{storer_lecture_2014,
	title = {Lecture {Notes} on {Software} {Engineering}},
	publisher = {School of Computing Science, University of Glasgow},
	author = {Storer, Tim and Singer, Jeremy},
	year = {2014},
	note = {Course notes for the Professional Software Development Course COMPSCI4015}
}

@book{Sommerville:2010:SE:1841764,
 author = {Sommerville, Ian},
 title = {Software Engineering},
 year = {2010},
 isbn = {0137035152, 9780137035151},
 edition = {9th},
 publisher = {Addison-Wesley Publishing Company},
 address = {USA},
} 








